@article{Sheehan2016IsRecognition,
    title = {{Is there an evolutionary trade-off between quality signaling and social recognition?}},
    year = {2016},
    journal = {Behavioral Ecology},
    author = {Sheehan, Michael J. and Bergman, Thore J.},
    number = {1},
    pages = {2--13},
    volume = {27},
    url = {http://www.beheco.oxfordjournals.org/lookup/doi/10.1093/beheco/arv109},
    doi = {10.1093/beheco/arv109},
    issn = {1045-2249}
}

@article{Kerr2007NicheEvolution,
    title = {{Niche Construction and Cognitive Evolution}},
    year = {2007},
    journal = {Biological Theory},
    author = {Kerr, Benjamin},
    number = {3},
    month = {8},
    pages = {250--262},
    volume = {2},
    publisher = {Springer Netherlands},
    url = {http://www.mitpressjournals.org/doi/abs/10.1162/biot.2007.2.3.250},
    doi = {10.1162/biot.2007.2.3.250}
}

@article{Stephens1991ChangeLearning,
    title = {{Change, regularity, and value in the evolution of animal learning}},
    year = {1991},
    journal = {Behavioral Ecology},
    author = {Stephens, D. W.},
    number = {1},
    month = {3},
    pages = {77--89},
    volume = {2},
    publisher = {Oxford University Press},
    url = {http://www.beheco.oxfordjournals.org/cgi/doi/10.1093/beheco/2.1.77},
    doi = {10.1093/beheco/2.1.77}
}

@article{Sheehan2016ABergman,
    title = {{A quality signalingâ€“recognition trade-off at the level of the type of interaction not species: a response to comments on Sheehan and Bergman}},
    year = {2016},
    journal = {Behavioral Ecology},
    author = {Sheehan, Michael J. and Bergman, Thore J.},
    number = {1},
    pages = {18--19},
    volume = {27},
    publisher = {Oxford University Press},
    url = {http://www.beheco.oxfordjournals.org/lookup/doi/10.1093/beheco/arv214},
    doi = {10.1093/beheco/arv214},
    issn = {1045-2249}
}

@article{Mendelson2016CognitiveDecisions,
    title = {{Cognitive Phenotypes and the Evolution of Animal Decisions}},
    year = {2016},
    journal = {Trends in Ecology {\&} Evolution},
    author = {Mendelson, Tamra C. and Fitzpatrick, Courtney L. and Hauber, Mark E. and Pence, Charles H. and Rodr{\'{i}}guez, Rafael L. and Safran, Rebecca J. and Stern, Caitlin A. and Stevens, Jeffrey R.},
    doi = {10.1016/j.tree.2016.08.008},
    issn = {01695347}
}

@article{Bradbury2014ComplexityEcology,
    title = {{Complexity and behavioral ecology}},
    year = {2014},
    journal = {Behavioral Ecology},
    author = {Bradbury, J. W. and Vehrencamp, S. L.},
    number = {3},
    month = {5},
    pages = {435--442},
    volume = {25},
    publisher = {Oxford University Press},
    url = {http://www.beheco.oxfordjournals.org/cgi/doi/10.1093/beheco/aru014},
    doi = {10.1093/beheco/aru014},
    issn = {1045-2249}
}

@article{Seyfarth2015SocialCognition,
    title = {{Social cognition}},
    year = {2015},
    journal = {Animal Behaviour},
    author = {Seyfarth, Robert M. and Cheney, Dorothy L.},
    pages = {191--202},
    volume = {103},
    doi = {10.1016/j.anbehav.2015.01.030},
    issn = {00033472}
}

@article{Wiley2013SpecificityBehaviour,
    title = {{Specificity and multiplicity in the recognition of individuals: implications for the evolution of social behaviour}},
    year = {2013},
    journal = {Biological Reviews},
    author = {Wiley, R. H.},
    number = {1},
    month = {2},
    pages = {179--195},
    volume = {88},
    publisher = {Blackwell Publishing Ltd},
    url = {http://doi.wiley.com/10.1111/j.1469-185X.2012.00246.x},
    doi = {10.1111/j.1469-185X.2012.00246.x},
    issn = {14647931},
    keywords = {aggression, cognition, cooperation, developmental plasticity, evolution of learning, habituation, individual recognition}
}

@article{Tibbetts2007IndividualDifferent,
    title = {{Individual recognition: it is good to be different}},
    year = {2007},
    journal = {Trends in Ecology {\&} Evolution},
    author = {Tibbetts, Elizabeth A. and Dale, James},
    number = {10},
    pages = {529--537},
    volume = {22},
    doi = {10.1016/j.tree.2007.09.001},
    issn = {01695347}
}