% add new refs here -- eventually add these to JabRef master list
% final bib will be the BIB_badgeVSrecog.bib file, which is uploaded from JabRef (file in DropBox folder)

@InBook{dawkins1978signals,
  chapter   = {Animal signals: information or manipulation?},
  pages     = {282-309},
  title     = {Behavioural Ecology},
  publisher = {Sinauer Associates},
  year      = {1978},
  author    = {R. Dawkins and J.R. Krebs},
  editor    = {J.R. Krebs and N.B. Davies},
}